


@incollection{pytorch,
	title = {PyTorch: An Imperative Style, High-Performance Deep Learning Library},
	author = {Paszke, Adam and Gross, Sam and Massa, Francisco and Lerer, Adam and Bradbury, James and Chanan, Gregory and Killeen, Trevor and Lin, Zeming and Gimelshein, Natalia and Antiga, Luca and Desmaison, Alban and Kopf, Andreas and Yang, Edward and DeVito, Zachary and Raison, Martin and Tejani, Alykhan and Chilamkurthy, Sasank and Steiner, Benoit and Fang, Lu and Bai, Junjie and Chintala, Soumith},
	booktitle = {Advances in Neural Information Processing Systems 32},
	editor = {H. Wallach and H. Larochelle and A. Beygelzimer and F. d\textquotesingle Alch\'{e}-Buc and E. Fox and R. Garnett},
	pages = {8024--8035},
	year = {2019},
	publisher = {Curran Associates, Inc.},
	url = {http://papers.neurips.cc/paper/9015-pytorch-an-imperative-style-high-performance-deep-learning-library.pdf}
}

@software{torchvision,
	author = {TorchVision maintainers and contributors},
	license = {BSD-3-Clause},
	month = nov,
	title = {{TorchVision: PyTorch's Computer Vision library}},
	url = {https://github.com/pytorch/vision},
	year = {2016}
}


@TECHREPORT{cifar10,
	author = {Alex Krizhevsky},
	title = {Learning multiple layers of features from tiny images},
	institution = {},
	year = {2009}
}

@article{sohn2020fixmatch,
	title={Fixmatch: Simplifying semi-supervised learning with consistency and confidence},
	author={Sohn, Kihyuk and Berthelot, David and Carlini, Nicholas and Zhang, Zizhao and Zhang, Han and Raffel, Colin A and Cubuk, Ekin Dogus and Kurakin, Alexey and Li, Chun-Liang},
	journal={Advances in neural information processing systems},
	volume={33},
	pages={596--608},
	year={2020}
}

@article{zheng2023simmatchv2,
	title={SimMatchV2: Semi-Supervised Learning with Graph Consistency},
	author={Zheng, Mingkai and You, Shan and Huang, Lang and Luo, Chen and Wang, Fei and Qian, Chen and Xu, Chang},
	journal={arXiv preprint arXiv:2308.06692},
	year={2023}
}
@book{zhu2022introduction,
	title={Introduction to semi-supervised learning},
	author={Zhu, Xiaojin and Goldberg, Andrew B},
	year={2022},
	publisher={Springer Nature}
}
@article{li2019safe,
	title={Safe semi-supervised learning: a brief introduction},
	author={Li, Yu-Feng and Liang, De-Ming},
	journal={Frontiers of Computer Science},
	volume={13},
	pages={669--676},
	year={2019},
	publisher={Springer}
}
@article{hady2013semi,
	title={Semi-supervised learning},
	author={Hady, Mohamed Farouk Abdel and Schwenker, Friedhelm},
	journal={Handbook on Neural Information Processing},
	pages={215--239},
	year={2013},
	publisher={Springer}
}
